@inproceedings{meesrikamolkul2012shape,
  title={Shape-based clustering for time series data},
  author={Meesrikamolkul, Warissara and Niennattrakul, Vit and Ratanamahatana, Chotirat Ann},
  booktitle={Pacific-Asia Conference on Knowledge Discovery and Data Mining},
  pages={530--541},
  year={2012},
  organization={Springer}
}
@article{assent2009anticipatory,
  title={Anticipatory DTW for efficient similarity search in time series databases},
  author={Assent, Ira and Wichterich, Marc and Krieger, Ralph and Kremer, Hardy and Seidl, Thomas},
  journal={Proceedings of the VLDB Endowment},
  volume={2},
  number={1},
  pages={826--837},
  year={2009},
  publisher={VLDB Endowment}
}
@inproceedings{berndt1994using,
  title={Using dynamic time warping to find patterns in time series.},
  author={Berndt, Donald J and Clifford, James},
  booktitle={KDD workshop},
  volume={10},
  number={16},
  pages={359--370},
  year={1994},
  organization={Seattle, WA}
}
@inproceedings{ratanamahatana2005three,
  title={Three myths about dynamic time warping data mining},
  author={Ratanamahatana, Chotirat Ann and Keogh, Eamonn},
  booktitle={Proceedings of the 2005 SIAM International Conference on Data Mining},
  pages={506--510},
  year={2005},
  organization={SIAM}
}
@article{ding2008querying,
  title={Querying and mining of time series data: experimental comparison of representations and distance measures},
  author={Ding, Hui and Trajcevski, Goce and Scheuermann, Peter and Wang, Xiaoyue and Keogh, Eamonn},
  journal={Proceedings of the VLDB Endowment},
  volume={1},
  number={2},
  pages={1542--1552},
  year={2008},
  publisher={VLDB Endowment}
}
@inproceedings{camerra2010isax,
  title={iSAX 2.0: Indexing and mining one billion time series},
  author={Camerra, Alessandro and Palpanas, Themis and Shieh, Jin and Keogh, Eamonn},
  booktitle={2010 IEEE International Conference on Data Mining},
  pages={58--67},
  year={2010},
  organization={IEEE}
}
@inproceedings{lim2006using,
  title={Using multiple indexes for efficient subsequence matching in time-series databases},
  author={Lim, Seung-Hwan and Park, Hee-Jin and Kim, Sang-Wook},
  booktitle={International Conference on Database Systems for Advanced Applications},
  pages={65--79},
  year={2006},
  organization={Springer}
}
@inproceedings{rakthanmanon2012searching,
  title={Searching and mining trillions of time series subsequences under dynamic time warping},
  author={Rakthanmanon, Thanawin and Campana, Bilson and Mueen, Abdullah and Batista, Gustavo and Westover, Brandon and Zhu, Qiang and Zakaria, Jesin and Keogh, Eamonn},
  booktitle={Proceedings of the 18th ACM SIGKDD international conference on Knowledge discovery and data mining},
  pages={262--270},
  year={2012},
  organization={ACM}
}
@inproceedings{begum2015accelerating,
  title={Accelerating dynamic time warping clustering with a novel admissible pruning strategy},
  author={Begum, Nurjahan and Ulanova, Liudmila and Wang, Jun and Keogh, Eamonn},
  booktitle={Proceedings of the 21th ACM SIGKDD International Conference on Knowledge Discovery and Data Mining},
  pages={49--58},
  year={2015},
  organization={ACM}
}
@article{tran2013revised,
  title={Revised DBSCAN algorithm to cluster data with dense adjacent clusters},
  author={Tran, Thanh N and Drab, Klaudia and Daszykowski, Michal},
  journal={Chemometrics and Intelligent Laboratory Systems},
  volume={120},
  pages={92--96},
  year={2013},
  publisher={Elsevier}
}
@article{petitjean2011global,
  title={A global averaging method for dynamic time warping, with applications to clustering},
  author={Petitjean, Fran{\c{c}}ois and Ketterlin, Alain and Gan{\c{c}}arski, Pierre},
  journal={Pattern Recognition},
  volume={44},
  number={3},
  pages={678--693},
  year={2011},
  publisher={Elsevier}
}
@article{hartigan1979algorithm,
  title={Algorithm AS 136: A k-means clustering algorithm},
  author={Hartigan, John A and Wong, Manchek A},
  journal={Journal of the Royal Statistical Society. Series C (Applied Statistics)},
  volume={28},
  number={1},
  pages={100--108},
  year={1979},
  publisher={JSTOR}
}
@article{mullner2013fastcluster,
  title={fastcluster: Fast hierarchical, agglomerative clustering routines for R and Python},
  author={M{\"u}llner, Daniel and others},
  journal={Journal of Statistical Software},
  volume={53},
  number={9},
  pages={1--18},
  year={2013},
  publisher={Foundation for Open Access Statistics}
}